@online{fcm,
	author = {Google},
	title  = {Firebase Cloud Messaging},
	url    = {https://firebase.google.com/docs/cloud-messaging/}
}

@online{gamesdocs,
	author = {Google},
	title  = {Google Play Games Services},
	url    = {https://developers.google.com/games/services/}
}
